<?xml version="1.0" encoding="UTF-8"?>
<record xmlns="http://www.loc.gov/MARC21/slim" xmlns:xsi="http://www.w3.org/2001/XMLSchema-instance" xsi:schemaLocation="http://www.loc.gov/MARC21/slim http://www.loc.gov/standards/marcxml/schema/MARC21slim.xsd">
<leader>     cam a2200277 a 4500</leader>
<controlfield tag="001">002354660</controlfield>
<controlfield tag="003">NNU</controlfield>
<controlfield tag="005">20061010172118.0</controlfield>
<controlfield tag="008">880823s1936    le            000 0 ara d</controlfield>
<datafield tag="035" ind1="9" ind2=" ">
<subfield code="a">NYUb11492985</subfield>
</datafield>
<datafield tag="035" ind1=" " ind2=" ">
<subfield code="a">(CStRLIN)NYUG88-B29434</subfield>
</datafield>
<datafield tag="040" ind1=" " ind2=" ">
<subfield code="a">NBiSU</subfield>
<subfield code="c">NBiSU</subfield>
<subfield code="d">NNU</subfield>
</datafield>
<datafield tag="066" ind1=" " ind2=" ">
<subfield code="c">(3</subfield>
</datafield>
<datafield tag="090" ind1=" " ind2=" ">
<subfield code="a">BP130.4</subfield>
<subfield code="b">.I278 1936</subfield>
</datafield>
<datafield tag="100" ind1="1" ind2=" ">
<subfield code="a">Ibn Qutaybah, ʻAbd Allāh ibn Muslim,</subfield>
<subfield code="d">828-889?</subfield>
<subfield code="6">880-01</subfield>
</datafield>
<datafield tag="245" ind1="1" ind2="3">
<subfield code="6">880-02</subfield>
<subfield code="a">al-Qurṭayn -- li-Ibn Muṭrif al-Kinānī, aw, Kitābay mushkil al-Qurʼān wa-gharībih /</subfield>
<subfield code="c">li-Ibn Qutaybah.</subfield>
</datafield>
<datafield tag="260" ind1=" " ind2=" ">
<subfield code="6">880-03</subfield>
<subfield code="a">Bayrūt :</subfield>
<subfield code="b">Dār al-Maʻrifah,</subfield>
<subfield code="c">[1936]</subfield>
</datafield>
<datafield tag="300" ind1=" " ind2=" ">
<subfield code="a">2 v. in 1 ;</subfield>
<subfield code="c">24 cm.</subfield>
</datafield>
<datafield tag="630" ind1="0" ind2="0">
<subfield code="a">Koran</subfield>
<subfield code="x">Criticism, interpretation, etc.</subfield>
</datafield>
<datafield tag="700" ind1="1" ind2=" ">
<subfield code="6">880-04</subfield>
<subfield code="a">Ibn Muṭrif al-Kinānī, Muḥammad ibn Aḥmad.</subfield>
</datafield>
<datafield tag="740" ind1="3" ind2=" ">
<subfield code="a">al-Qurṭayn.</subfield>
</datafield>
<datafield tag="740" ind1="0" ind2=" ">
<subfield code="a">Kitābay mushkil al-Qurʼān wa-gharībih.</subfield>
</datafield>
<datafield tag="880" ind1="0" ind2=" ">
<subfield code="6">100-01/</subfield>
<subfield code="a">ابن قتيبة.</subfield>
</datafield>
<datafield tag="880" ind1="1" ind2="2">
<subfield code="6">245-02/</subfield>
<subfield code="a">القرطين -- لابن مطرف الكنانى، أو، كتابى مشكل القرآن وغريبه لابن قتيبة.</subfield>
</datafield>
<datafield tag="880" ind1=" " ind2=" ">
<subfield code="6">260-03/</subfield>
<subfield code="a">بيروت :</subfield>
<subfield code="b">دار المعرفة،</subfield>
<subfield code="c">[1936]</subfield>
</datafield>
<datafield tag="880" ind1="0" ind2=" ">
<subfield code="6">700-04/</subfield>
<subfield code="a">ابن مطرف الكنانى.</subfield>
</datafield>
<datafield tag="OWN" ind1=" " ind2=" ">
<subfield code="a">GENERAL</subfield>
</datafield>
<datafield tag="998" ind1=" " ind2=" ">
<subfield code="a">19960726</subfield>
<subfield code="d">19880823</subfield>
<subfield code="d">20030405</subfield>
<subfield code="n">NNU</subfield>
<subfield code="s">1</subfield>
<subfield code="t">c</subfield>
<subfield code="z">p</subfield>
</datafield>
<datafield tag="AVA" ind1=" " ind2=" ">
<subfield code="a">NYU50</subfield>
<subfield code="b">BOBST</subfield>
<subfield code="c">Main Collection</subfield>
<subfield code="d">BP130.4 .I278 1936</subfield>
<subfield code="e">unavailable</subfield>
<subfield code="t">Unavailable</subfield>
<subfield code="f">1</subfield>
<subfield code="g">1</subfield>
<subfield code="h">N</subfield>
<subfield code="i">0</subfield>
<subfield code="j">MAIN</subfield>
<subfield code="k">0</subfield>
</datafield>
</record>
